@article{ahrens,
  title={Lagrange Discrete Ordinates: A New Angular Discretization for the Three-Dimensional Linear Boltzmann Equation},
  author={Ahrens, Cory D.},
  journal={Nuclear Science and Engineering},
  volume={180},
  number={3},
  pages={273--285},
  year={2015},
  publisher={American Nuclear Society}
}
